@book{BassClementsKazman,
author = {Bass, Len AND Clements, Paul AND Kazman, Rick},
title = {Software Architecture in Practice, 3rd Edition},
isbn = {9332502307},
language = {english},
}

@book{BertossiMontresor2000,
author = { Bertossi, Alan A. AND Montresor, Alberto},
year = {2000},
pagetotal = {402},
title = {Algoritmi e Strutture di Dati},
language = {italian},
}

@book{RobsonFreeman2012,
author = {Robson, Elisabeth AND Freeman, Eric},
year = {2012},
month = {09},
pagetotal = {768},
title = {Head First HTML and CSS},
isbn = {9780596159900},
language = {english},
}

@book{GoodmanMorrisonNovitskiRayl1996,
author = { Goodman, Danny AND Morrison, Michael AND Novitski, Paul AND Rayl, Tia Gustaff},
year = {1996},
pagetotal = {1224},
title = {JavaScript Bible},
isbn = {9788126529100},
language = {english},
}

@book{Zammetti2007,
author = {Zammetti, Frank},
year = {2007},
month = {04},
pagetotal = {546},
title = {Practical Javascript, Dom Scripting and Ajax Projects},
isbn = {9781590598160},
language = {english},
}

@book{RichardsonRuby2007,
author = {Richardson, Leonard AND Ruby, Sam},
year = {2007},
month = {05},
pagetotal = {454},
title = {RESTful Web Services},
isbn = {9780596529260},
language = {english},
}

@book{Dayley2014,
author = {Dayley, Brad},
year = {2014},
month = {06},
pagetotal = {647},
title = {Node.js, MongoDB, and AngularJS Web Development },
isbn = {9780321995780},
language = {english},
}

@book{BillNeil2009,
author = {Scott, P Bill AND
Neil, Theresa},
year = {2009},
month = {01},
pagetotal = {334},
title = {Designing Web Interfaces: Principles and Patterns for Rich Interactions},
isbn = {9780596516253},
language = {english},
}

@book{Sydik2007,
author = {Sydik, Jeremy},
year = {2007},
month = {11},
pagetotal = {328},
title = {Design Accessible Web Sites},
isbn = {9781934356029},
language = {english},
}

@book{FerrariPighizzini2008,
author = {Ferrari, Mauro AND Pighizzini, Giovanni},
year = {2008},
pagetotal = {646},
title = {Dai fondamenti agli oggetti: Corso di programmazione java},
isbn = {9788871924489},
language = {italian},
}

